@online{gomoku-solution,
    title = "Go-Moku Solved by New Search Techniques",
    url = "https://www.aaai.org/Papers/Symposia/Fall/1993/FS-93-02/FS93-02-001.pdf",
}
@online{past-project,
    title = "Gomoku Game in Haskell",
    url = "http://www.cs.columbia.edu/~sedwards/classes/2019/4995-fall/reports/gomoku.pdf"
}
